@phdthesis{ bienia11benchmarking,
  author = {Christian Bienia},
  title = {Benchmarking Modern Multiprocessors},
  school = {Princeton University},
  year      = {2011},
  month     = {January}
}

@article{Lusk96ahigh-performance,
    author = {Ewing Lusk and Nathan Doss and Anthony Skjellum},
    title = {A high-performance, portable implementation of the MPI message passing interface standard},
    journal = {Parallel Computing},
    year = {1996},
    volume = {22},
    pages = {789--828}
}

@book{kirk2011programming,
  title={Programming massively parallel processors: a hands-on approach},
  author={Kirk, David B and Wen-Mei, W Hwu},
  year={2011},
  publisher={Morgan kaufmann}
}

@article{sutter2005software,
  title={Software and the concurrency revolution},
  author={Sutter, Herb and Larus, James},
  journal={Queue},
  volume={3},
  number={7},
  pages={54--62},
  year={2005},
  publisher={ACM}
}

@article{souza2017cap,
  title={CAP Bench: a benchmark suite for performance and energy evaluation of low-power many-core processors},
  author={Souza, Matheus A and Penna, Pedro Henrique and Queiroz, Matheus M and Pereira, Alyson D and G{\'o}es, Lu{\'\i}s Fabricio Wanderley and Freitas, Henrique C and Castro, M{\'a}rcio and Navaux, Philippe OA and M{\'e}haut, Jean-Fran{\c{c}}ois},
  journal={Concurrency and Computation: Practice and Experience},
  volume={29},
  number={4},
  year={2017},
  publisher={Wiley Online Library}
}

